@misc{ wiki,
       title = {Mental Math},
	   Author = {Wikibooks contributors},
	   Publisher = {Wikibooks, The Free Textbook Project.},
	   howpublished = {\url{https://en.wikibooks.org/w/index.php?title=Mental_Math&oldid=3184083}}
}

